@article{article1,
	author       = {Rashvand, Narges and Hosseini, Sanaz Sadat and Azarbayjani, Mona and Tabkhi, Hamed},
	title        = {Real-Time Bus Arrival Prediction: A Deep Learning Approach for Enhanced Urban Mobility},
	year         = {2024},
	url          = {https://arxiv.org/abs/2303.15495}
}

@article{article2,
	author       = {Sun, Fangzhou and Pan, Yao and White, Jules and Dubey, Abhishek},
	title        = {Real-Time and Predictive Analytics for Smart Public Transportation Decision Support System},
	year         = {2016},
	url          = {https://ieeexplore.ieee.org/document/7501714}
}

@article{article3,
	author       = {Fors Johansson, Christoffer},
	title        = {Arrival Time Predictions for Buses using Recurrent Neural Networks},
	year         = {2019},
	url          = {https://liu.diva-portal.org/smash/get/diva2:1424184/FULLTEXT01.pdf}
}

@article{article4,
  	author       = {{Grad Zagreb, Gradski ured za gospodarstvo, ekološku održivost i strategijsko planiranje}},
  	title        = {Priopćenje o prometu za razdoblje VII.-XII. 2024.},
  	year         = {2024},
	url          = {https://www.zagreb.hr/userdocsimages/arhiva/statistika/2024/prijevoz%202024/Prijevoz%20I%20-%20XII.%202024_web.pdf}
}

@article{article5,
  	author       = {{Gtfs.org}},
  	title        = {General transit feed specification},
  	year         = {2025},
	url          = {https://gtfs.org/getting-started/what-is-GTFS/}
}


@book{ferumjetne,
  author    = {Bojana Dalbelo Bašić and Marko Čupić and Jan Šnajder},
  title     = {Umjetne neuronske mreže},
  year      = {2008},
  publisher = {Sveučilište u Zagrebu, Fakultet elektrotehnike i računarstva},
  address   = {Zagreb}
}